<record><leader>00000cas a2200000 a 4500</leader><controlfield tag="001">27137349</controlfield><controlfield tag="008">921217d19031907ilucr ne      0    0eng c</controlfield><datafield ind1=" " ind2=" " tag="010"><subfield code="a">sn 92053978 </subfield></datafield><datafield ind1=" " ind2=" " tag="040"><subfield code="a">NVF</subfield><subfield code="b">eng</subfield><subfield code="c">NVF</subfield><subfield code="d">OCLCQ</subfield><subfield code="d">NVF</subfield><subfield code="d">OCLCQ</subfield><subfield code="d">OCLCF</subfield><subfield code="d">OCLCO</subfield></datafield><datafield ind1="1" ind2=" " tag="029"><subfield code="a">AU@</subfield><subfield code="b">000020745687</subfield></datafield><datafield ind1=" " ind2=" " tag="042"><subfield code="a">pcc</subfield></datafield><datafield ind1=" " ind2=" " tag="043"><subfield code="a">n-us-il</subfield></datafield><datafield ind1="0" ind2="0" tag="245"><subfield code="a">East Moline enterprise.</subfield></datafield><datafield ind1=" " ind2=" " tag="260"><subfield code="a">East Moline, Rock Island County, Ill. :</subfield><subfield code="b">Fred Kuntz,</subfield><subfield code="c">1903-1907.</subfield></datafield><datafield ind1=" " ind2=" " tag="300"><subfield code="a">v.</subfield></datafield><datafield ind1=" " ind2=" " tag="310"><subfield code="a">Semiweekly,</subfield><subfield code="b">Dec. 14, 1904-Oct. 9, 1907</subfield></datafield><datafield ind1=" " ind2=" " tag="321"><subfield code="a">Weekly,</subfield><subfield code="b">Dec. 18, 1903-Dec. 9, 1904</subfield></datafield><datafield ind1="0" ind2=" " tag="362"><subfield code="a">Vol. 1, no. 1 (Dec. 18, 1903)-4th yr., no. 88 (Oct. 9, 1907).</subfield></datafield><datafield ind1=" " ind2=" " tag="500"><subfield code="a">"Sample" issue, dated December 1903, precedes Vol. 1, no. 1.</subfield></datafield><datafield ind1=" " ind2=" " tag="500"><subfield code="a">"[D]evoted entirely to the best interests of East Moline and Rock Island County."</subfield></datafield><datafield ind1=" " ind2="0" tag="651"><subfield code="a">East Moline (Ill.)</subfield><subfield code="v">Newspapers.</subfield></datafield><datafield ind1=" " ind2="0" tag="651"><subfield code="a">Rock Island County (Ill.)</subfield><subfield code="v">Newspapers.</subfield></datafield><datafield ind1=" " ind2="7" tag="655"><subfield code="a">Newspapers.</subfield><subfield code="2">fast</subfield><subfield code="0">(OCoLC)fst01423814</subfield></datafield><datafield ind1=" " ind2="7" tag="651"><subfield code="a">Illinois</subfield><subfield code="z">East Moline.</subfield><subfield code="2">fast</subfield><subfield code="0">(OCoLC)fst01226526</subfield></datafield><datafield ind1=" " ind2="7" tag="651"><subfield code="a">Illinois</subfield><subfield code="z">Rock Island County.</subfield><subfield code="2">fast</subfield><subfield code="0">(OCoLC)fst01213232</subfield></datafield><datafield ind1=" " ind2=" " tag="752"><subfield code="a">United States</subfield><subfield code="b">Illinois</subfield><subfield code="c">Rock Island</subfield><subfield code="d">East Moline.</subfield></datafield><datafield ind1="0" ind2="0" tag="785"><subfield code="t">East Moline herald</subfield><subfield code="w">(DLC)sn 92053979</subfield><subfield code="w">(OCoLC)27137698</subfield></datafield></record>